<?xml version="1.0" encoding="UTF-8"?><record xmlns="http://www.loc.gov/MARC21/slim" xmlns:cinclude="http://apache.org/cocoon/include/1.0" xmlns:zs="http://www.loc.gov/zing/srw/">
  <leader>00472nz  a2200133n  4500</leader>
  <controlfield tag="001">no2010036509</controlfield>
  <controlfield tag="003">DLC</controlfield>
  <controlfield tag="005">20100305075357.0</controlfield>
  <controlfield tag="008">100303n| acannaabn          |n aaa     c</controlfield>
  <datafield tag="010" ind1=" " ind2=" ">
    <subfield code="a">no2010036509</subfield>
  </datafield>
  <datafield tag="035" ind1=" " ind2=" ">
    <subfield code="a">(OCoLC)oca08413583</subfield>
  </datafield>
  <datafield tag="040" ind1=" " ind2=" ">
    <subfield code="a">OOC</subfield>
    <subfield code="b">eng</subfield>
    <subfield code="c">OOC</subfield>
  </datafield>
  <datafield tag="100" ind1="1" ind2=" ">
    <subfield code="a">Liégeois, Cornelis,</subfield>
    <subfield code="d">1860-1921</subfield>
  </datafield>
  <datafield tag="670" ind1=" " ind2=" ">
    <subfield code="a">Les urnes de l'Opéra [SR] p2009:</subfield>
    <subfield code="b">container (Cornelis Liegeois) insert (Cornelis Liégeois, violoncellist and composer; b. 1860, Namur, Belgium; d. 1921, Paris)</subfield>
  </datafield>
</record>